<record><leader>00000cas a22000007a 4500</leader><controlfield tag="001">13825371</controlfield><controlfield tag="008">860707d18641865njudr ne      0   a0eng  </controlfield><datafield ind1=" " ind2=" " tag="010"><subfield code="a">sn 85036031 </subfield></datafield><datafield ind1=" " ind2=" " tag="040"><subfield code="a">NPA</subfield><subfield code="b">eng</subfield><subfield code="c">NPA</subfield><subfield code="d">NJW</subfield><subfield code="d">MGN</subfield><subfield code="d">OCLCQ</subfield><subfield code="d">DLC</subfield></datafield><datafield ind1="0" ind2=" " tag="022"><subfield code="a">2332-9238</subfield><subfield code="2">1</subfield></datafield><datafield ind1=" " ind2=" " tag="042"><subfield code="a">msc</subfield><subfield code="a">nsdp</subfield></datafield><datafield ind1="1" ind2="0" tag="050"><subfield code="a">ISSN RECORD</subfield></datafield><datafield ind1="1" ind2="0" tag="082"><subfield code="a">071</subfield><subfield code="2">23</subfield></datafield><datafield ind1=" " ind2="0" tag="222"><subfield code="a">Trenton daily monitor</subfield></datafield><datafield ind1="0" ind2="0" tag="245"><subfield code="a">Trenton daily monitor.</subfield></datafield><datafield ind1="3" ind2="0" tag="246"><subfield code="a">Trenton monitor</subfield></datafield><datafield ind1=" " ind2=" " tag="260"><subfield code="a">Trenton, N.J. :</subfield><subfield code="b">[s.n.]</subfield></datafield><datafield ind1=" " ind2=" " tag="300"><subfield code="a">v. ;</subfield><subfield code="c">56 cm.</subfield></datafield><datafield ind1=" " ind2=" " tag="310"><subfield code="a">Daily</subfield></datafield><datafield ind1="1" ind2=" " tag="362"><subfield code="a">Began Jan. 27, 1864; ceased in Dec. 1865.</subfield></datafield><datafield ind1=" " ind2=" " tag="500"><subfield code="a">Editor: Dorsey Gardner, &lt;1865&gt;.</subfield></datafield><datafield ind1=" " ind2=" " tag="530"><subfield code="a">Also issued on microfilm as part of the Civil War newspapers collection.</subfield></datafield><datafield ind1=" " ind2=" " tag="588"><subfield code="a">Description based on: Vol. 2, no. 12 (Apr. 15, 1865).</subfield></datafield><datafield ind1=" " ind2=" " tag="752"><subfield code="a">United States</subfield><subfield code="b">New Jersey</subfield><subfield code="c">Mercer</subfield><subfield code="d">Trenton.</subfield></datafield><datafield ind1="0" ind2=" " tag="775"><subfield code="t">Trenton weekly monitor</subfield><subfield code="x">2332-922X</subfield><subfield code="w">(DLC)sn 85036030</subfield><subfield code="w">(OCoLC)13039639</subfield></datafield><datafield ind1="0" ind2="4" tag="785"><subfield code="t">Daily State gazette (Trenton, N.J. : 1863)</subfield><subfield code="x">2332-9254</subfield><subfield code="w">(DLC)sn 84026300</subfield><subfield code="w">(OCoLC)10383633</subfield></datafield></record>